@article{wilkinson_2016,
  title={The FAIR Guiding Principles for scientific data management and stewardship},
  author={Wilkinson, Mark D and Dumontier, Michel and Aalbersberg, IJsbrand Jan and Appleton, Gabrielle and Axton, Myles and Baak, Arie and Blomberg, Niklas and Boiten, Jan-Willem and da Silva Santos, Luiz Bonino and Bourne, Philip E and others},
  journal={Scientific data},
  volume={3},
  number={1},
  pages={1--9},
  year={2016},
  publisher={Nature Publishing Group}
}

@article{doran_1981,
  title={There's a S.M.A.R.T. way to write management's goals and objectives},
  author={Doran, George T},
  journal={Management Review},
  volume={70},
  number={11},
  pages={35--36},
  year={1981}
}

@book{simo_1998,
  title={Computational inelasticity},
  author={Simo, Juan C and Hughes, Thomas JR},
  year={1998},
  publisher={Springer}
}

@book{hughes_2003,
  title={The finite element method: linear static and dynamic finite element analysis},
  author={Hughes, Thomas JR},
  year={2003},
  publisher={Courier Corporation}
}

@book{wriggers_2006,
  title={Computational contact mechanics},
  author={Wriggers, Peter and Laursen, Tod A},
  volume={2},
  year={2006},
  publisher={Springer}
}